<record><leader>00000cas a22000007a 4500</leader><controlfield tag="001">9926671</controlfield><controlfield tag="008">830920c19839999okuwr ne      0   a0eng d</controlfield><datafield ind1=" " ind2=" " tag="010"><subfield code="a">sn 83004850 </subfield></datafield><datafield ind1=" " ind2=" " tag="040"><subfield code="a">NSD</subfield><subfield code="b">eng</subfield><subfield code="c">NSD</subfield><subfield code="d">OBN</subfield><subfield code="d">DLC</subfield><subfield code="d">OCL</subfield><subfield code="d">OCLCQ</subfield><subfield code="d">OCLCF</subfield><subfield code="d">OCLCO</subfield></datafield><datafield ind1=" " ind2=" " tag="012"><subfield code="m">1</subfield></datafield><datafield ind1="1" ind2=" " tag="022"><subfield code="a">0746-3049</subfield><subfield code="l">0746-3049</subfield><subfield code="2">1</subfield></datafield><datafield ind1="1" ind2=" " tag="029"><subfield code="a">AU@</subfield><subfield code="b">000020275463</subfield></datafield><datafield ind1=" " ind2=" " tag="032"><subfield code="a">558140</subfield><subfield code="b">USPS</subfield></datafield><datafield ind1=" " ind2=" " tag="042"><subfield code="a">nsdp</subfield></datafield><datafield ind1=" " ind2="4" tag="222"><subfield code="a">The Valliant leader</subfield></datafield><datafield ind1="0" ind2="4" tag="245"><subfield code="a">The Valliant leader.</subfield></datafield><datafield ind1=" " ind2=" " tag="260"><subfield code="a">Valliant, Okla. :</subfield><subfield code="b">Wilson-Monroe Pub. Co.</subfield></datafield><datafield ind1=" " ind2=" " tag="300"><subfield code="a">v.</subfield></datafield><datafield ind1=" " ind2=" " tag="310"><subfield code="a">Weekly</subfield></datafield><datafield ind1="0" ind2=" " tag="362"><subfield code="a">Vol. 1, no. 1 (Apr. 22, 1983)-</subfield></datafield><datafield ind1=" " ind2="0" tag="651"><subfield code="a">Valliant (Okla.)</subfield><subfield code="v">Newspapers.</subfield></datafield><datafield ind1=" " ind2="0" tag="651"><subfield code="a">McCurtain County (Okla.)</subfield><subfield code="v">Newspapers.</subfield></datafield><datafield ind1=" " ind2="7" tag="655"><subfield code="a">Newspapers.</subfield><subfield code="2">fast</subfield><subfield code="0">(OCoLC)fst01423814</subfield></datafield><datafield ind1=" " ind2="7" tag="651"><subfield code="a">Oklahoma</subfield><subfield code="z">McCurtain County.</subfield><subfield code="2">fast</subfield><subfield code="0">(OCoLC)fst01248660</subfield></datafield><datafield ind1=" " ind2="7" tag="651"><subfield code="a">Oklahoma</subfield><subfield code="z">Valliant.</subfield><subfield code="2">fast</subfield><subfield code="0">(OCoLC)fst01264777</subfield></datafield><datafield ind1=" " ind2=" " tag="752"><subfield code="a">United States</subfield><subfield code="b">Oklahoma</subfield><subfield code="c">McCurtain</subfield><subfield code="d">Valliant.</subfield></datafield><datafield ind1="0" ind2="0" tag="780"><subfield code="t">McCurtain County journal</subfield><subfield code="w">(DLC)sn 94058825</subfield><subfield code="w">(OCoLC)30406756</subfield></datafield></record>